@inproceedings{sqt,
 author = {Eppstein, David and Goodrich, Michael T. and Sun, Jonathan Z.},
 title = {The Skip Quadtree: A Simple Dynamic Data Structure for Multidimensional Data},
 booktitle = {Proceedings of the Twenty-first Annual Symposium on Computational Geometry},
 series = {SCG '05},
 year = {2005},
 isbn = {1-58113-991-8},
 location = {Pisa, Italy},
 pages = {296--305},
 numpages = {10},
 url = {http://doi.acm.org/10.1145/1064092.1064138},
 doi = {10.1145/1064092.1064138},
 acmid = {1064138},
 publisher = {ACM},
 address = {New York, NY, USA},
 keywords = {approximation algorithm, dynamic data structure, nearest neighbor, octree, point location, quadtree, range, skip quadtree},
}
@inproceedings{connectome,
 author = {Harvard Center for Brain Science},
 title = {Connectome Project},
 booktitle = {Harvard Center for Brain Science},
 year = {2010-2014},
 url = {http://cbs.fas.harvard.edu/science/connectome-project},
}